<record><leader>00000cas a2200000 a 4500</leader><controlfield tag="001">10435520</controlfield><controlfield tag="008">840220d18931894ksuwr ne      0   a0eng d</controlfield><datafield ind1=" " ind2=" " tag="010"><subfield code="a">sn 84029003 </subfield></datafield><datafield ind1=" " ind2=" " tag="040"><subfield code="a">KSH</subfield><subfield code="b">eng</subfield><subfield code="c">KSH</subfield><subfield code="d">NPT</subfield><subfield code="d">OCL</subfield><subfield code="d">OCLCQ</subfield></datafield><datafield ind1=" " ind2=" " tag="042"><subfield code="a">msc</subfield></datafield><datafield ind1=" " ind2=" " tag="043"><subfield code="a">n-us-ks</subfield></datafield><datafield ind1="0" ind2="0" tag="245"><subfield code="a">Burden Saturday journal.</subfield></datafield><datafield ind1=" " ind2=" " tag="260"><subfield code="a">Burden, Kan. :</subfield><subfield code="b">E. Mattie Shawn</subfield></datafield><datafield ind1=" " ind2=" " tag="300"><subfield code="a">v.</subfield></datafield><datafield ind1=" " ind2=" " tag="310"><subfield code="a">Weekly</subfield></datafield><datafield ind1="1" ind2=" " tag="362"><subfield code="a">Began in Dec. 1893; ceased in 1894?</subfield></datafield><datafield ind1=" " ind2=" " tag="588"><subfield code="a">Description based on: Vol. 3, no. 17 (Dec. 9, 1893).</subfield></datafield><datafield ind1=" " ind2=" " tag="752"><subfield code="a">United States</subfield><subfield code="b">Kansas</subfield><subfield code="c">Cowley</subfield><subfield code="d">Burden.</subfield></datafield><datafield ind1="0" ind2="0" tag="780"><subfield code="t">Spirit of the west (Burden, Kan.)</subfield><subfield code="w">(DLC)sn 84029005</subfield></datafield><datafield ind1="0" ind2="0" tag="785"><subfield code="t">Gate City journal</subfield><subfield code="w">(DLC)sn 84029014</subfield></datafield></record>